<?xml version="1.0" encoding="UTF-8" ?>
<collection xmlns:xsi="http://www.w3.org/2001/XMLSchema-instance"
    xsi:schemaLocation="http://www.loc.gov/MARC21/slim
        http://www.loc.gov/standards/marcxml/schema/MARC21slim.xsd"
    xmlns="http://www.loc.gov/MARC21/slim">
<record>
  <leader>00202nam a2200361 i 4500</leader>
  <controlfield tag="001">b17515634</controlfield>
  <controlfield tag="003">LeBAU</controlfield>
  <controlfield tag="005">20131007</controlfield>
  <controlfield tag="008">120327s1900    ua            ||0 0 ara d</controlfield>
  <datafield tag="040" ind1=" " ind2=" ">
    <subfield code="a">LEAUB</subfield>
    <subfield code="b">ara</subfield>
    <subfield code="e">rda</subfield>
    <subfield code="c">LEAUB</subfield>
  </datafield>
  <datafield tag="082" ind1="0" ind2="4">
    <subfield code="a">297.225</subfield>
    <subfield code="2">22</subfield>
  </datafield>
  <datafield tag="100" ind1="1" ind2=" ">
    <subfield code="6">880-01</subfield>
    <subfield code="a">Munāwī, ʻAbd al-Raʼūf Muḥammad ibn ‘Alī,</subfield>
    <subfield code="d">1545-1622,</subfield>
    <subfield code="e">author.</subfield>
  </datafield>
  <datafield tag="245" ind1="1" ind2="0">
    <subfield code="6">880-02</subfield>
    <subfield code="a">Kitāb Sharḥ al-ʻAllāmah Zayn al-Dīn Muḥammad al-madʻū ʻAbd al-Raʼūf ibn Tāj al-ʻĀrifīn ibn ʻAlī ibn Zayn al-ʻĀbidīn al-Ḥaddādī al-Qāhirī al-maʻrūf bi-al-Munāwī al-mawlūd sanat 952 H. al-mutawaffá bi-al-Qāhirah ṣābīḥat yawm al-Khamīs al-thālith wa-al-‘ishrīn min Ṣafar al-khayr sanat 1031 ‘alá qaṭīdat al-Nafs li-ibn Sīnā :</subfield>
    <subfield code="b">wa-fīhi taʻrīf al-rūḥ, muqābalan ʻalá nuskhat al-muʼallif.</subfield>
  </datafield>
  <datafield tag="246" ind1="3" ind2="0">
    <subfield code="6">880-03</subfield>
    <subfield code="a">Sharḥ al-ʻAllāmah Zayn al-Dīn Muḥammad al-madʻū ʻAbd al-Raʼūf ibn Tāj al-ʻĀrifīn ibn ʻAlī ibn Zayn al-ʻĀbidīn al-Ḥaddādī al-Qāhirī al-maʻrūf bi-al-Munāwī al-mawlūd sanat 952 H. al-mutawaffá bi-al-Qāhirah ṣābīḥat yawm al-Khamīs al-thālith wa-al-‘ishrīn min Ṣafar al-khayr sanat 1031 ‘alá qaṭīdat al-Nafs li-ibn Sīnā :</subfield>
    <subfield code="b">wa-fīhi taʻrīf al-rūḥ, muqābalan ʻalá nuskhat al-muʼallif</subfield>
  </datafield>
  <datafield tag="264" ind1=" " ind2="1">
    <subfield code="6">880-04</subfield>
    <subfield code="a">Miṣr :</subfield>
    <subfield code="b">Maṭba‘at al-Mawsū‘āt،</subfield>
    <subfield code="c">1318 H. = 1900 M.</subfield>
  </datafield>
  <datafield tag="300" ind1=" " ind2=" ">
    <subfield code="6">880-05</subfield>
    <subfield code="a">191, 2 pages ;</subfield>
    <subfield code="c">25 cm</subfield>
  </datafield>
  <datafield tag="336" ind1=" " ind2=" ">
    <subfield code="a">text</subfield>
    <subfield code="b">txt</subfield>
    <subfield code="2">rdacontent</subfield>
  </datafield>
  <datafield tag="337" ind1=" " ind2=" ">
    <subfield code="a">unmediated</subfield>
    <subfield code="b">n</subfield>
    <subfield code="2">rdamedia</subfield>
  </datafield>
  <datafield tag="338" ind1=" " ind2=" ">
    <subfield code="a">volume</subfield>
    <subfield code="b">nc</subfield>
    <subfield code="2">rdacarrier</subfield>
  </datafield>
  <datafield tag="600" ind1="1" ind2="4">
    <subfield code="a">ابن سينا، ابو علي الحسين بن عبد الله،</subfield>
    <subfield code="d">980-1037.</subfield>
    <subfield code="t">قصيدة النفس.</subfield>
  </datafield>
  <datafield tag="600" ind1="1" ind2="0">
    <subfield code="a">Ibn Sīnā, Abū ‘Alī al-Ḥusayn ibn ʻAbd Allāh,</subfield>
    <subfield code="d">980-1037.</subfield>
    <subfield code="t">Qaṣīdat al-nafs.</subfield>
  </datafield>
  <datafield tag="650" ind1=" " ind2="4">
    <subfield code="a">الروح</subfield>
    <subfield code="x">الاسلام</subfield>
    <subfield code="v">أعمال قديمة حتى 1800.</subfield>
  </datafield>
  <datafield tag="650" ind1=" " ind2="0">
    <subfield code="a">Soul</subfield>
    <subfield code="x">Islam</subfield>
    <subfield code="v">Early works to 1800.</subfield>
  </datafield>
  <datafield tag="852" ind1=" " ind2=" ">
    <subfield code="a">Jafet Archives and Special Collections</subfield>
    <subfield code="e">American University of Beirut, Bliss Street, Beirut, ‎Lebanon.‎</subfield>
  </datafield>
  <datafield tag="880" ind1="1" ind2=" ">
    <subfield code="6">100-01/(3/r</subfield>
    <subfield code="a">المناوي، عبد الرؤوف محمد بن علي،</subfield>
    <subfield code="d">1545-1622،</subfield>
    <subfield code="e">مؤلف. </subfield>
    <subfield code="4">aut.</subfield>
  </datafield>
  <datafield tag="880" ind1="1" ind2="0">
    <subfield code="6">245-02/(3/r</subfield>
    <subfield code="a">كتاب شرح العلامة زين الدين محمد المدعو عبد الرؤوف بن تاج العارفين بن علي بن زين العابدين الحدادي القاهري المعروف بالمناوي المولود سنة 952 المتوفى بالقاهرة صبيحة يوم الخميس الثالث والعشرين من صفر الخير سنة 1031 على قصيدة النفس لإبن سينا :</subfield>
    <subfield code="b">وفيه تعريف الروح مقابلاً على نسخة المؤلف.</subfield>
  </datafield>
  <datafield tag="880" ind1="3" ind2="0">
    <subfield code="6">246-03/(3/r</subfield>
    <subfield code="a">شرح العلامة زين الدين محمد المدعو عبد الرؤوف بن تاج العارفين بن علي بن زين العابدين الحدادي القاهري المعروف بالمناوي المولود سنة 952 المتوفى بالقاهرة صبيحة يوم الخميس الثالث والعشرين من صفر الخير سنة 1031 على قصيدة النفس لإبن سينا :</subfield>
    <subfield code="b">وفيه تعريف الروح مقابلاً على نسخة المؤلف</subfield>
  </datafield>
  <datafield tag="880" ind1=" " ind2="1">
    <subfield code="6">264-04/(3/r</subfield>
    <subfield code="a">مصر :</subfield>
    <subfield code="b">مطبعة الموسوعات،</subfield>
    <subfield code="c">1308 هـ. = 1900 م.</subfield>
  </datafield>
  <datafield tag="880" ind1=" " ind2=" ">
    <subfield code="6">300-05/(3/r</subfield>
    <subfield code="a">191، 2 صفحة ؛</subfield>
    <subfield code="c">25 سم</subfield>
  </datafield>
  <datafield tag="907" ind1=" " ind2=" ">
    <subfield code="a">.b17515634</subfield>
    <subfield code="b">16-03-23</subfield>
    <subfield code="c">12-03-27</subfield>
  </datafield>
  <datafield tag="945" ind1=" " ind2=" ">
    <subfield code="f">CA</subfield>
    <subfield code="a">189.3:I13shA:c.1</subfield>
    <subfield code="g">1</subfield>
    <subfield code="i">00492139</subfield>
    <subfield code="j">.i1942047x</subfield>
    <subfield code="l">u0304</subfield>
  </datafield>
  <datafield tag="945" ind1=" " ind2=" ">
    <subfield code="f">CA</subfield>
    <subfield code="a">189.3:I13shA:c.2</subfield>
    <subfield code="g">1</subfield>
    <subfield code="i">00503667</subfield>
    <subfield code="j">.i19938962</subfield>
    <subfield code="l">u0304</subfield>
  </datafield>
  <datafield tag="998" ind1=" " ind2=" ">
    <subfield code="a">u03</subfield>
    <subfield code="b">13-10-07</subfield>
    <subfield code="c">m</subfield>
    <subfield code="d">a</subfield>
    <subfield code="e">-</subfield>
    <subfield code="f">ara</subfield>
    <subfield code="g">ua </subfield>
    <subfield code="h">0</subfield>
    <subfield code="i">0</subfield>
  </datafield>
</record>
</collection>
